@phdthesis{张哲睿2014WM,
	title={WM公司财务会计的内控案例分析},
	author={张哲睿},
	school={云南大学},
	year={2014},
}

@article{吴定祥2015中国联想并购摩托罗拉案例分析,
	title={中国联想并购摩托罗拉案例分析},
	author={吴定祥},
	journal={对外经贸实务},
	number={4},
	pages={69-71},
	year={2015},
}

@article{孙瑞娟2010企业并购财务风险的分析与防范,
	title={企业并购财务风险的分析与防范},
	author={孙瑞娟 and 英艳华},
	journal={技术与创新管理},
	number={1},
	pages={73-75},
	year={2010},
}

@article{孙新宇2016企业财务风险识别与防范案例分析,
	title={企业财务风险识别与防范案例分析},
	author={孙新宇},
	journal={农村经济与科技},
	volume={27},
	number={23},
	pages={154-155},
	year={2016},
}

@article{赵军2011浅谈财务风险分析与防范,
	title={浅谈财务风险分析与防范},
	author={赵军},
	journal={投资与合作},
	number={12},
	pages={57-58},
	year={2011},
}

